<?xml version="1.0" encoding="UTF-8" ?>
<collection xmlns:xsi="http://www.w3.org/2001/XMLSchema-instance" xsi:schemaLocation="http://www.loc.gov/MARC21/slim http://www.loc.gov/standards/marcxml/schema/MARC21slim.xsd" xmlns="http://www.loc.gov/MARC21/slim">
   <record>
      <leader>     cam a22     I  4500</leader>
      <controlfield tag="001">4509091</controlfield>
      <controlfield tag="003">NIC</controlfield>
      <controlfield tag="005">20130331102410.0</controlfield>
      <controlfield tag="008">811216s1966    iq       b    000 0 arar </controlfield>
      <datafield tag="010" ind1=" " ind2=" ">
         <subfield code="a">ne 67002009 </subfield>
      </datafield>
      <datafield tag="035" ind1=" " ind2=" ">
         <subfield code="a">4509091</subfield>
      </datafield>
      <datafield tag="040" ind1=" " ind2=" ">
         <subfield code="a">DLC</subfield>
         <subfield code="c">TKN</subfield>
         <subfield code="d">TKN</subfield>
         <subfield code="d">OCL</subfield>
         <subfield code="d">NIC</subfield>
      </datafield>
      <datafield tag="019" ind1=" " ind2=" ">
         <subfield code="a">28771742</subfield>
      </datafield>
      <datafield tag="035" ind1=" " ind2=" ">
         <subfield code="a">(OCoLC)8001295</subfield>
      </datafield>
      <datafield tag="050" ind1="0" ind2=" ">
         <subfield code="a">BX385.A1</subfield>
         <subfield code="b">S5 1966</subfield>
      </datafield>
      <datafield tag="100" ind1="1" ind2=" ">
         <subfield code="a">al-Shābūshtī, ʻAlī ibn Muḥammad, Abū al-Ḥasan,</subfield>
         <subfield code="d">-1000.</subfield>
      </datafield>
      <datafield tag="245" ind1="1" ind2="3">
         <subfield code="a">al-Diyārāt,</subfield>
         <subfield code="c">li-Abī al-Ḥasan ʻAlī ibn Muḥammad al-maʻrūf bi-al-Shābushtī. taḥqīq Kurkīs ʻAwwād.</subfield>
      </datafield>
      <datafield tag="250" ind1=" " ind2=" ">
         <subfield code="a">al-ṭabʻah 2.</subfield>
      </datafield>
      <datafield tag="260" ind1=" " ind2=" ">
         <subfield code="a">Baghdād :</subfield>
         <subfield code="b">Maktabat al-Muthannā,</subfield>
         <subfield code="c">1966.</subfield>
      </datafield>
      <datafield tag="300" ind1=" " ind2=" ">
         <subfield code="a">55, 520 p.</subfield>
         <subfield code="c">26 cm.</subfield>
      </datafield>
      <datafield tag="500" ind1=" " ind2=" ">
         <subfield code="a">Cover title: Kitāb al-diyarat; or The book of monasteries, by Abī al-Hasan ʻAlī ibn Muhammad al-Shabushtī.</subfield>
      </datafield>
      <datafield tag="504" ind1=" " ind2=" ">
         <subfield code="a">Bibliography: p. 486-487.</subfield>
      </datafield>
      <datafield tag="650" ind1=" " ind2="0">
         <subfield code="a">Monasteries</subfield>
         <subfield code="z">Middle East.</subfield>
      </datafield>
      <datafield tag="700" ind1="1" ind2=" ">
         <subfield code="a">ʻAwwād, Kūrkīs.</subfield>
      </datafield>
      <datafield tag="948" ind1="2" ind2=" ">
         <subfield code="a">20030203</subfield>
         <subfield code="b">x</subfield>
         <subfield code="d">batch</subfield>
         <subfield code="e">cts</subfield>
      </datafield>
      <datafield tag="948" ind1="3" ind2=" ">
         <subfield code="a">20030203</subfield>
         <subfield code="h">recon1</subfield>
         <subfield code="i">edx.mars.coo.ftp.v03m01.cc.bib</subfield>
      </datafield>
      <datafield tag="948" ind1="2" ind2=" ">
         <subfield code="a">20100706</subfield>
         <subfield code="b">m</subfield>
         <subfield code="d">batch</subfield>
         <subfield code="e">lts</subfield>
         <subfield code="x">del9XXtxt</subfield>
      </datafield>
      <datafield tag="995" ind1=" " ind2=" ">
         <subfield code="a">Hivolm</subfield>
         <subfield code="d">20100706</subfield>
      </datafield>
      <datafield tag="903" ind1=" " ind2=" ">
         <subfield code="a">NYUACO</subfield>
         <subfield code="d">20140514</subfield>
         <subfield code="p">31924029365552</subfield>
      </datafield>
      <datafield tag="950" ind1=" " ind2=" ">
         <subfield code="a">BX385.A1</subfield>
         <subfield code="b">S52 1966</subfield>
         <subfield code="v"> </subfield>
      </datafield>
   </record>
</collection>
